<?xml version="1.0" encoding="UTF-8"?><collection xmlns="http://www.loc.gov/MARC21/slim"><record><leader>00437nam--2200145-i-4500</leader><controlfield tag="001">000024061</controlfield><controlfield tag="002">20161230</controlfield><controlfield tag="005">20161230201035</controlfield><controlfield tag="008">060222s1000------------r-----000-0-eng-d</controlfield><datafield ind1=" " ind2=" " tag="080"><subfield code="a">514.12</subfield></datafield><datafield ind1=" " ind2=" " tag="100"><subfield code="a">Ionescu-bujor, Constantin</subfield></datafield><datafield ind1=" " ind2=" " tag="245"><subfield code="a">ELEMENTE DE TRANSFORMARI GEOMETRICE. Partea intai</subfield></datafield><datafield ind1=" " ind2=" " tag="260"><subfield code="a">Bucuresti,Biblioteca Societatii De Stiinte Matematice Si Fizice, 1958. 301p</subfield></datafield><datafield ind1=" " ind2=" " tag="852"><subfield code="a">47542</subfield><subfield code="c">513</subfield></datafield><datafield ind1=" " ind2=" " tag="CAT"><subfield code="a">Sys</subfield><subfield code="c">20080528</subfield><subfield code="h">111547</subfield></datafield></record></collection>